@misc{source1,
	author = "Snubcube",
	title = "TCP-Handshake",
	note = "CC BY-SA 3.0",
	howpublished = {\url{https://commons.wikimedia.org/wiki/File:Tcp-handshake.svg}}
	}
	
 @article{lin1973,
    author = "Shen Lin and Brian W. Kernighan",
    title = "An Effective Heuristic Algorithm for the Travelling-Salesman Problem",
    journal = "Operations Research",
    volume = 21,
    year = 1973,
    pages = "498-516"
 }
 
 @MastersThesis{Chung03,
author = {Wai Man Chung},
title = {The Usage of Dual Edge Triggered Flip-flops in Low Power, Low Voltage Applications},
school = {University of Waterloo},
year = {2003}
}